
@article{schulman_proximal_2017,
	title = {Proximal policy optimization algorithms},
	journaltitle = {{arXiv} preprint {arXiv}:1707.06347},
	author = {Schulman, John and Wolski, Filip and Dhariwal, Prafulla and Radford, Alec and Klimov, Oleg},
	date = {2017},
	file = {Full Text:/home/longx/Zotero/storage/3QIVWSCM/Schulman et al. - 2017 - Proximal policy optimization algorithms.pdf:application/pdf;Snapshot:/home/longx/Zotero/storage/W8P2XB3D/1707.html:text/html},
}

@article{schulman_trust_nodate,
	title = {Trust Region Policy Optimization},
	author = {Schulman, John and {EDU}, {BERKELEY} and Levine, Sergey and Moritz, Philipp and Jordan, Michael and Abbeel, Pieter},
	file = {trpo.pdf:/home/longx/Downloads/trpo.pdf:application/pdf},
}

@article{blog,
	title = {The 37 Implementation Details of Proximal Policy Optimization · The {ICLR} Blog Track},
	author = {Huang, Shengyi and Dossa, Rousslan Fernand Julien and
	Raffin, Antonin and Kanervisto, Anssi and Wang, Weixun},
	date = {2022},
	file = {The 37 Implementation Details of Proximal Policy Optimization · The ICLR Blog Track:/home/longx/Zotero/storage/FMVGPWL6/ppo-implementation-details.html:text/html},
}